@Misc{biblatex,
  author = {Philipp Lehman and Philip Kime and Audrey Boruvka and Joseph Wright},
  title = {The biblatex Package},
  month = {11},
  year = 2016}

@misc{ simple,
  author = "Andrew Roberts",
  title = "A simple article to illustrate document structure",
  year = 2003,
  url = "https://en.wikibooks.org/wiki/LaTeX/simple.tex",
}
@Book{Goossens94a,
  Title = {The LaTeX Companion},
  Author = {Michel Goossens and Frank Mittelbach and Alexander Samarin},
  Publisher = {Addison-Wesley},
  Year = 1994,
  Edition = {2nd revised},
}
@misc{xecjk,
  author = "ctex.org",
  title = {xeCJK宏包},
  year = 2016,
  month = 02,
}
@misc{aptitude,
  author = "Daniel Burrows",
  title = {aptitude user's manual},
  year = 2016,
}
@misc{install,
  author = "王晓林",
  title = {Debian/Ubuntu安装指导},
  year = 2015,
  url = {http://cs2.swfu.edu.cn/~wx672/lecture_notes/linux/install.html},
}
@Book{emacs,
  author = "Richard Stallman et al.",
  title = {GNU Emacs Manual},
  year = 2015,
  edition = 17,
  publisher = {The Free Software Foundation},
}
@Book{auctex,
  author = "Kresten Krab Thorup and Per Abrahamsen and David Kastrup and others",
  title = {AUC\TeX --- A sophisticated \TeX{} environment for Emacs},
  publisher = {The Free Software Foundation},
  year = 2014,
  month = 10,
  edition = {11.88},
}
@misc{yasnippet,
  author = "Pluskid and João Távora and Noam Postavsky",
  title = {Yet another snippet extension},
  year = 2016,
  url = {http://capitaomorte.github.io/yasnippet/}
 }
@misc{ wiki:latex,
  author = "Wikipedia",
  title = "LaTeX --- Wikipedia{,} The Free Encyclopedia",
  year = 2016,
  url = {https://en.wikipedia.org/w/index.php?title=LaTeX&oldid=720051950},
  note = "[Online; accessed 18-May-2016]"
}
@misc{ wiki:latexcn,
  author = "维基百科",
  title = "LaTeX --- 维基百科{,} 自由的百科全书",
  year = 2016,
  url = {https://zh.wikipedia.org/w/index.php?title=LaTeX&oldid=39426205},
  note = "[Online; accessed 18-May-2016]",
}
