/home/wx672/lecture_notes/bib/net.bib