@article{杨武帅2018基于,
  title={基于Python和Django框架的物联网智能设备管理系统的设计与实现},
  author={杨武帅 and 万启元 and 桑贤伯},
  journal={中国新技术新产品},
  volume={No.369},
  number={11},
  pages={18-20},
  year={2018},
}
@article{韩可彧2018基于,
  title={基于Django的XSS防御研究与实现},
  author={韩可彧 and 李伟},
  journal={电子设计工程},
  number={6},
  year={2018},
}
@article{DjangoO2O,
  title={基于Django的O2O家庭酒店商务平台},
  author={夏亚丽 and 戴志涛},
  journal={软件},
  volume={37},
  number={12},
  year={2016},
}
@misc{nowamagic,
   howpublished = {\url{http://www.nowamagic.net/academy/detail/13281808}},
   year={2014},
   title={Django框架架构总览理解Django是如何运作的}
}
@article{范凯2017基于,
  title={基于B/S架构的网络教学平台的研究},
  author={范凯},
  journal={电子技术与软件工程},
  number={19},
  pages={181-181},
  year={2017},
}
@article{毛建芳2018基于,
  title={基于C/S架构的学生管理系统设计},
  author={毛建芳},
  journal={电脑知识与技术},
  volume={v.14},
  number={16},
  pages={72-73},
  year={2018},
}
@article{李大军2017基于,
  title={基于HTML5+jQuery Mobile的移动学习平台的实现},
  author={李大军},
  journal={福建电脑},
  volume={33},
  number={7},
  pages={34-35},
  year={2017},
}
@article{汪红宇2017基于,
  title={基于Bootstrap框架实现响应式布局},
  author={汪红宇 and 刘雄辉 and 乔波},
  journal={电脑与信息技术},
  volume={25},
  number={5},
  pages={19-22},
  year={2017},
}
@article{严婷2017基于,
  title={基于Python的可视化数据分析平台设计与实现},
  author={严婷 and 文欣秀 and 赵嘉豪 and 王家辉 and 杜傲 and 白瑞杰},
  journal={计算机时代},
  number={12},
  pages={54-56},
  year={2017},
}
@article{舒后2016基于,
  title={基于Bootstrap框架的响应式网页设计与实现},
  author={舒后 and 熊一帆 and 葛雪娇},
  journal={北京印刷学院学报},
  volume={24},
  number={2},
  pages={47-52},
  year={2016},
}
@inproceedings{Liu2017Testing,
  title={Testing of AJAX-Based Web Applications Using Hierarchical State Model},
  author={Liu, Chien Hung and Wu, Chia Jung and Chen, Hsi Min},
  booktitle={IEEE International Conference on E-business Engineering},
  year={2017},
}
@article{林萍2017基于,
  title={基于Ajax技术和JAVAEE的分页查询优化},
  author={林萍 and 朱婵},
  journal={计算机系统应用},
  volume={26},
  number={8},
  pages={184-189},
  year={2017},
}
@article{徐迪新2017基于,
  title={基于.NET平台jQuery Ajax异步处理JSON数据应用},
  author={徐迪新 and 吴长孙},
  journal={科技广场},
  number={4},
  pages={77-80},
  year={2017},
}
@article{2018基于,
  title={基于Django的智能题库系统设计},
  journal={工业控制计算机},
  volume={v.31},
  number={8},
  pages={108-109},
  year={2018},
}
@article{Franklin2017Ajax,
  title={Ajax with jQuery},
  author={Franklin, Jack and Ferguson, Russ},
  journal={Beginning Jquery},
  year={2017},
}
@article{王丽娟2017基于,
  title={基于MySQL的查询优化技术研究},
  author={王丽娟 and 靳继红},
  journal={电脑知识与技术},
  volume={13},
  number={30},
  pages={35-36},
  year={2017},
}
@article{苟文博2017基于,
  title={基于MySQL的数据管理系统设计与实现},
  author={苟文博 and 于强},
  journal={电子设计工程},
  volume={25},
  number={6},
  pages={62-65},
  year={2017},
}
@article{Rubio2017Django,
  title={Django Model Forms and Class Views},
  author={Rubio, Daniel},
  year={2017},
}
@book{Rubio2017Django-url,
  title={Django Urls and Views},
  author={Rubio, Daniel},
  year={2017},
}
@article{Rubio2017Django-admin,
  title={Django admin Management},
  author={Rubio, Daniel},
  year={2017},
}
