@Book{ArpaciDusseau14-Book,
  title		   = "{Operating Systems: Three Easy Pieces}",
  author	   = {Remzi H. Arpaci-Dusseau and Andrea C. Arpaci-Dusseau},
  publisher	   = {Arpaci-Dusseau Books},
  month		   = 5,
  year		   = 2015,
  edition	   = {0.91},
}

@Book{Bhat2017,
  title		   = {Architectural and Operating System Support for Virtual Memory},
  author	   = {Bhattacharjee, Abhishek and Lustig, Daniel},
  publisher	   = {Morgan \& Claypool},
  isbn		   = 9781627056021,
  year		   = 2017
}

@misc{BrokenTh11:online,
  title		   = {Operating System Development Series},
  author	   = {BrokenThorn Entertainment},
  month		   = 9,
  year		   = 2008,
}

@book{Bryant2010computersystems,
  author	   = {Bryant, Randal E. and O'Hallaron, David R.},
  title		   = {Computer Systems: A Programmer's Perspective},
  year		   = 2010,
  edition	   = 2,
  publisher	   = {Addison-Wesley},
}

@Book{Coulouris12,
  author	   = {Coulouris, George },
  title		   = {Distributed Systems Concepts and Design},
  publisher	   = {Pearson},
  isbn		   = 9780273760597,
  year		   = 2012
}

@misc{IBMKnowl68:online,
  author	   = {Ellis Horwood},
  title		   = {IBM Knowledge Center - What is an address space?},
  year		   = 2013,
}

@techreport{ISO:C99,
  abstract	   = {This is the "combined C99 + TC1 + TC2, WG14 N1124, dated
                  2005-05-06. This is a WG14 working paper, but it reflects the
                  consolidated standard at the time of issue."},
  added-at	   = {2007-02-10T16:23:05.000+0100},
  author	   = {ISO},
  editor	   = {WG14},
  institution  = {ISO},
  keywords	   = {c c99 iso standard},
  title		   = {ISO C Standard 1999},
  year		   = 1999
}

@article{Johnson1992,
  author	   = {Johnson, Ralph E.},
  title		   = {Reducing the Latency of a Real-time Garbage Collector},
  journal	   = {ACM Lett. Program. Lang. Syst.},
  issue_date   = {March 1992},
  volume	   = 1,
  number	   = 1,
  month		   = mar,
  year		   = 1992,
  issn		   = {1057-4514},
  pages		   = {46--58},
  numpages	   = 13,
  acmid		   = 130621,
  publisher	   = {ACM},
  address	   = {New York, NY, USA},
  keywords	   = {garbage collection},
}

@Book{Jonhesmt08,
  author	   = {Jonhs, M.Tim},
  title		   = {GNU/Linux Application Programming},
  publisher	   = {Course Technology},
  isbn		   = 9781584506102,
  year		   = 2008
}

@book{Kroah-Hartman:1053063,
  author	   = "Kroah-Hartman, Greg",
  title		   = "{Linux Kernel in a Nutshell: A Desktop Quick Reference}",
  publisher	   = "O'Reilly",
  year		   = 2007,
}

@article{McCarthy1960,
  author	   = {McCarthy, John},
  title		   = {Recursive Functions of Symbolic Expressions and Their Computation by
                  Machine, Part I},
  journal	   = {Commun. ACM},
  issue_date   = {April 1960},
  volume	   = 3,
  number	   = 4,
  month		   = apr,
  year		   = 1960,
  issn		   = {0001-0782},
  pages		   = {184--195},
  numpages	   = 12,
  acmid		   = 367199,
  publisher	   = {ACM},
  address	   = {New York, NY, USA},
}

@article{McCarthy:1978,
  title		   = {A Micro-manual for LISP - Not the Whole Truth},
  author	   = {McCarthy, John},
  journal	   = {SIGPLAN Not.},
  issue_date   = {August 1978},
  volume	   = 13,
  number	   = 8,
  month		   = aug,
  year		   = 1978,
  issn		   = {0362-1340},
  pages		   = {215--216},
  numpages	   = 2,
  acmid		   = 808386,
  publisher	   = {ACM},
  address	   = {New York, NY, USA},
}

@Book{Raynal12,
  author	   = {Raynal, Michel},
  title		   = {Concurrent Programming: Algorithms, Principles, and Foundations},
  publisher	   = {Springer Science \& Business Media},
  year		   = 2012
}

@Book{Sibasankar2010,
  author	   = {Sibasankar Haldar and Alex A. Aravind },
  title		   = {Operating Systems},
  publisher	   = {Pearson},
  year		   = 2010
}

@article{TAHanzinger04,
  author	   = {Henzinger, Thomas A. and Jhala, Ranjit and Majumdar, Rupak},
  title		   = {Race Checking by Context Inference},
  journal	   = {SIGPLAN Not.},
  issue_date   = {May 2004},
  volume	   = 39,
  number	   = 6,
  month		   = 6,
  year		   = 2004,
  pages		   = {1--13},
  numpages	   = 13,
  acmid		   = 996844,
  publisher	   = {ACM},
  address	   = {New York, NY, USA},
  keywords	   = {race conditions, software model checking},
}

@ARTICLE{Thompson78uniximplementation,
  author	   = {K. Thompson},
  title		   = {Unix Implementation},
  journal	   = {Bell System Technical Journal},
  year		   = 1978,
  volume	   = 57,
  pages		   = {1931--1946}
}

@Book{abhishek2002memory,
  author	   = {Abhishek Nayani and Mel Gorman and Rodrigo S. de Castro},
  title		   = {Memory Management in Linux: Desktop Companion to the Linux Source Code},
  publisher	   = {Free book},
  year		   = 2002
}

@Misc{asm-directives,
  title		   = {Assembler directives},
  author	   = {sourceware.org},
  year		   = 2012,
}

@book{bach1986design,
  title		   = {The design of the UNIX operating system},
  author	   = {Bach, M.J.},
  series	   = {Prentice-Hall software series},
  year		   = 1986,
  publisher	   = {Prentice-Hall},
}

@book{bartlett2009programming,
  title		   = {Programming from the Ground Up},
  author	   = {Bartlett, J.},
  year		   = 2009,
  publisher	   = {University Press of Florida},
}

@Misc{blogspot:bootprocess,
  author	   = {Unixbhaskar's Blog},
  title		   = {Insight into GNU/Linux boot process},
  year		   = 2010,
}

@Misc{blogspot:bootprocess2,
  author	   = {Sudhansu},
  title		   = {Linux Boot Process in a nutshell},
  year		   = 2012,
}

@book{bovet2005understanding,
  title		   = {Understanding The Linux Kernel},
  author	   = {Bovet, D.P. and Cesati, M.},
  year		   = 2005,
  publisher	   = {OReilly},
  edition	   = 3,
}

@book{brey2009intel,
  title		   = {The Intel Microprocessors: 8086/8088, 80186/80188, 80286, 80386, 80486,
                  Pentium, Pentium Pro Processor, Pentium II, Pentium III, Pentium 4, and
                  Core2 with 64-bit Extensions: Architecture, Programming, and
                  Interfacing},
  author	   = {Brey, Barry B},
  year		   = 2009,
  publisher	   = {Pearson Education India}
}

@Article{card96ext2fs,
  author	   = {Rémy Card and Theodore Ts'o and Stephen Tweedie},
  title		   = {Design and Implementation of the Second Extended Filesystem},
  journal	   = {Dutch International Symposium on Linux},
  year		   = 1996
}

@Book{carter06:_pc_assem_languag,
  author	   = {Paul Carter},
  title		   = {PC Assembly Language},
  publisher	   = {www.drpaulcarter.com},
  year		   = 2006,
}

@book{cooper10bash,
  title		   = {Advanced Bash Scripting Guide 5.3 Volume 1},
  author	   = {Mendel Cooper},
  year		   = 2010,
  publisher	   = {Lulu.com},
}

@Book{corbet05ldd,
  author	   = {Jonathan Corbet and Greg Kroah-Hartman and Alessandro Rubini},
  title		   = {Linux Device Drivers},
  publisher	   = {O'Reilly},
  year		   = 2005,
  edition	   = 3,
}

@Misc{defunctproc1,
  title		   = {Method and apparatus for non-damaging process debugging via an agent
                  thread},
  author	   = {Roger A. Faulkner},
  year		   = 1997,
  month		   = 5,
}

@Misc{defunctproc2,
  title		   = {Methods and apparatus for managing defunct processes },
  author	   = {Daniel Price},
  year		   = 2001,
  month		   = 8,
}

@Book{downey2008semaphores,
  author	   = {Allen B. Downey},
  title		   = {The Little Book of Semaphores},
  publisher	   = {greenteapress.com},
  year		   = 2008,
}

@article{drepper2007every,
  title		   = {What every programmer should know about memory},
  author	   = {Drepper, U.},
  journal	   = {Red Hat, Inc},
  year		   = 2007,
}

@Misc{duarte:cpu-ring,
  author	   = {Gustavo Duarte},
  title		   = {CPU Rings, Privilege, and Protection},
  year		   = 2008,
}

@Misc{duarte:gustavo2008boot,
  author	   = {Gustavo Duarte},
  title		   = {How Computers Boot up},
  year		   = 2008
}

@Misc{duarte:gustavo2008chipsets,
  author	   = {Gustavo Duarte},
  title		   = {Motherboard Chipsets and the Memory Map},
  month		   = 6,
  year		   = 2008
}

@Misc{duarte:gustavo2008proess,
  author	   = {Gustavo Duarte},
  title		   = {The Kernel Boot Process},
  year		   = 2008
}

@Misc{duarte:mem,
  author	   = {Gustavo Duarte},
  title		   = {Memory Translation and Segmentation},
  year		   = 2008,
}

@book{erickson2008hacking,
  title		   = {Hacking: the art of exploitation},
  author	   = {Erickson, Jon},
  year		   = 2008,
  publisher	   = {No Starch Press},
}

@Misc{freebsd:archbook,
  author	   = {The FreeBSD Documentation Project},
  title		   = {FreeBSD Architecture Handbook},
  year		   = 2013,
}

@Book{gorman2004understanding,
  title		   = {Understanding the Linux Virtual Memory Manager},
  author	   = {Gorman, M.},
  year		   = 2004,
  publisher	   = {Prentice Hall}
}

@Article{grover02linkerloader,
  author	   = {Sandeep Grover},
  title		   = {Linkers and Loaders},
  journal	   = {Linux Journal},
  year		   = 2002,
}

@Misc{howto:gcc-inline-asm,
  title		   = {GCC Inline Assembly HOWTO},
  author	   = {ibiblio.org},
  year		   = 2012,
}

@Misc{howto:i386bootcode,
  author	   = {Feiyun Wang},
  title		   = {Linux i386 Boot Code HOWTO},
  year		   = 2004,
}

@Misc{howto:init,
  author	   = {www.tldp.org},
  title		   = {Linux 2.4.x Initialization for IA-32 HOWTO},
  year		   = 2001,
}

@book{in30days,
  title		   = "30天自制操作系统",
  author	   = "川合秀实",
  year		   = 2012,
  publisher	   = "人民邮电出版社"
}

@Misc{intel86,
  author	   = {Intel},
  title		   = {INTEL 80386 Programmer's Reference Manual},
  year		   = 1986,
}

@Book{jeff16assembly,
  title		   = "Assembly Language Step-by-Step Assembly Language Step-by-Step
                  Programming with Linux{\textregistered} Third Edition",
  author	   = "Jeff Duntemann",
  year		   = 2016,
  publisher	   = {Wiley},
}

@misc{kernelnewbies:FAQ/L72,
  author	   = {kernelnewbies.org},
  title		   = {FAQ/LinkedLists},
}

@misc{kernelnewbies:FAQ/a70,
  author	   = {kernelnewbies.org},
  title		   = {FAQ/asmlinkage},
  year		   = 2011,
}

@book{kernighan2006c,
  title		   = {The C programming language},
  author	   = {Kernighan, Brian W and Ritchie, Dennis M},
  year		   = 2006,
  publisher	   = {Prentice Hall}
}

@book{king2008c,
  title		   = {C programming: a modern approach},
  author	   = {King, Kim N},
  year		   = 2008,
  publisher	   = {WW Norton \& Company}
}

@book{king2010c,
  title		   = {C Programming: A Modern Approach, 2nd Edition},
  author	   = {King, K.N.},
  year		   = 2010,
  publisher	   = {W.W. Norton}
}

@book{levine2000linkers,
  title		   = {Linkers and Loaders},
  author	   = {Levine, J.R.},
  year		   = 2000,
  publisher	   = {Morgan Kaufmann}
}

@Misc{linux2.6.11protocol,
  author	   = {Kernel source},
  title		   = {The Linux Boot Protocol},
  year		   = 2005,
}

@Misc{linux2.6.25protocol,
  author	   = {Kernel source},
  title		   = {The Linux Boot Protocol},
  year		   = 2008,
}

@Misc{linuxjournal:process,
  author	   = {Moshe Bar},
  title		   = {The Linux Process Model},
  year		   = 2000,
}

@Book{linuxkernelart13,
  author	   = {新设计团队},
  title		   = {Linux内核设计的艺术},
  publisher	   = {机械工业出版社},
  year		   = 2013,
  month		   = 5
}

@Misc{linuxmm,
  author	   = {LinuxMM},
  title		   = {Linux Memory Management},
  month		   = 6,
  year		   = 2010
}

@Misc{linuxmm:highmemory,
  author	   = {linux-mm.org},
  title		   = {HighMemory},
  year		   = 2006,
}
@inproceedings{linuxq:kstack,
  title={A user-mode port of the Linux kernel.},
  author={Dike, Jeff},
  booktitle={Annual Linux Showcase \& Conference},
  year={2000}
}

@Misc{linuxreport2012,
  author	   = {The Linux Foundation},
  title		   = {Linux Kernel Development Report 2012},
  year		   = 2012
}

@Misc{linuxvm,
  author	   = {Joe Knapka},
  title		   = {Linux Virtual Memory Subsystem},
  month		   = 1,
  year		   = 2006
}

@Book{lions77unix6,
  author	   = {Lions, J.},
  title		   = {A COMMENTARY ON THE SIXTH EDITION UNIX OPERATING SYSTEM},
  publisher	   = {The university of New South Wales},
  year		   = 1977
}

@book{love2007linux,
  title		   = {Linux System Programming: Talking Directly to the Kernel and C Library},
  author	   = {Love, R.},
  year		   = 2007,
  publisher	   = {O'Reilly Media}
}

@book{love2010linux,
  title		   = {Linux Kernel Development},
  author	   = {Love, R.},
  year		   = 2010,
  publisher	   = {Addison-Wesley},
}

@book{matthew2008beginning,
  title		   = {Beginning linux programming},
  author	   = {Matthew, Neil and Stones, Richard},
  year		   = 2008,
  publisher	   = {John Wiley \& Sons}
}

@book{mauerer2008professional,
  title		   = {Professional Linux Kernel Architecture},
  author	   = {Mauerer, W.},
  year		   = 2008,
  publisher	   = {John Wiley \& Sons},
}

@book{neveln2000linux,
  title		   = {LINUX Assembly Language Programming},
  author	   = {Neveln, B.},
  year		   = 2000,
  publisher	   = {Prentice Hall PTR}
}

@Misc{newbies:kernelstart,
  author	   = {lists.kernelnewbies.org},
  title		   = {From which point onwards the kernel execution starts?},
  year		   = 2011,
}

@Misc{osdev:descriptor-cache,
  author	   = {wiki.osdev.org},
  title		   = {Descriptor Cache},
  year		   = 2009,
}

@Misc{osdev:elf,
  author	   = {OSDev},
  title		   = {ELF},
  year		   = 2012,
}

@Misc{osdev:gdt,
  author	   = {OSDev},
  title		   = {Global Descriptor Table},
  month		   = 3,
  year		   = 2012
}

@Misc{osdev:realmode,
  author	   = {wiki.osdev.org},
  title		   = {Real Mode},
  year		   = 2014,
}

@Misc{osdev:realmode2,
  author	   = {files.osdev.org},
  title		   = {Segment Registers: Real mode vs. Protected mode},
  year		   = 2014,
}

@Misc{osdev:unrealmode,
  author	   = {wiki.osdev.org},
  title		   = {Unreal Mode},
  year		   = 2014,
}

@Misc{osdev:unrealmode2,
  author	   = {forum.osdev.org},
  title		   = {Unreal mode},
  year		   = 2009,
}

@Book{padua11,
  author	   = {Padua, David},
  title		   = {Encyclopedia of Parallel Computing},
  publisher	   = {Springer},
  year		   = 2011
}

@Misc{pete2011booting1,
  author	   = {Pete Dice},
  title		   = {Booting an Intel Architecture System, Part I: Early Initialization},
  month		   = 12,
  year		   = 2011
}

@Book{poirier11ext2,
  author	   = {Dave Poirier},
  title		   = {The Second Extended File System Internal Layout},
  publisher	   = {Web},
  year		   = 2011,
}

@Misc{quora:array,
  author	   = {Quora},
  title		   = {What is the advantage of using zero-length arrays in C?},
  year		   = 2012,
}

@book{raymond2003art,
  title		   = {The art of Unix programming},
  author	   = {Raymond, Eric S},
  year		   = 2003,
  publisher	   = {Addison-Wesley}
}

@book{reek1997pointers,
  title		   = {Pointers on C},
  author	   = {Reek, Kenneth A},
  year		   = 1997,
  publisher	   = {Addison-Wesley}
}

@book{rodriguez2005linux,
  title		   = {The Linux kernel primer: a top-down approach for x86 and PowerPC
                  architectures},
  author	   = {Rodriguez, C.S. and Fischer, G. and Smolski, S.},
  year		   = 2005,
  publisher	   = {Prentice Hall Professional Technical Reference},
}

@Book{rusling99tlk,
  author	   = {David A Rusling},
  title		   = {The Linux Kernel},
  publisher	   = {Linux Documentation Project},
  year		   = 1999,
}

@book{salomon1992assemblers,
  title		   = {Assemblers and loaders},
  author	   = {Salomon, D.},
  series	   = {Computers and their applications},
  year		   = 1992,
  publisher	   = {Ellis Horwood}
}

@Book{salzman07kernel,
  author	   = {Peter Jay Salzman and Michael Burian and Ori Pomerantz},
  title		   = {The Linux Kernel Module Programming Guide},
  publisher	   = {tldp.org},
  year		   = 2007,
  edition	   = {2.6.4},
}

@Book{silberschatz10java,
  author	   = {Silberschatz and Galvin and Gagne},
  title		   = {Operating System Concepts With Java},
  publisher	   = {John Wiley \& Sons},
  year		   = 2010,
  edition	   = 8,
}

@Book{silberschatz11essentials,
  author	   = {Silberschatz and Galvin and Gagne},
  title		   = {Operating System Concepts Essentials},
  publisher	   = {John Wiley \& Sons},
  year		   = 2011,
}

@Misc{stack:gcc-gen-asm,
  title		   = {Understanding gcc generated assembly},
  author	   = {Stackoverflow},
  year		   = 2012,
}

@Misc{stack:kernelstack,
  author	   = {stackoverflow},
  title		   = {Does there exist Kernel stack for each process ?},
  year		   = 2011,
}

@Misc{stack:kernelstack2,
  author	   = {stackoverflow},
  title		   = {kernel stack for linux process},
  year		   = 2009,
}

@inproceedings{stack:kernelstack3,
  title={The Flux OSKit: A substrate for kernel and language research},
  author={Ford, Bryan and Back, Godmar and Benson, Greg and Lepreau, Jay and Lin, Albert and Shivers, Olin},
  booktitle={ACM SIGOPS Operating Systems Review},
  volume={31},
  number={5},
  pages={38--51},
  year={1997},
  organization={ACM}
}

@Misc{stack:kstack,
  author	   = {stackoverflow},
  title		   = {Understanding the getting of task\_struct pointer from process kernel
                  stack},
  year		   = 2012,
}

@Misc{stack:stos,
  author	   = {stackoverflow},
  title		   = {What does \texttt{rep stos} do?},
  year		   = 2010,
}

@misc{stackoverflow:c-Lin84,
  author	   = {stackoverflow},
  title		   = {LIST\_HEAD\_INIT vs INIT\_LIST\_HEAD},
  year		   = 2010,
}

@Book{stallings11os,
  author	   = {Wiliam Stallings},
  title		   = {Operating Systems: Internals and Design Principles},
  publisher	   = {Prentice Hall},
  year		   = 2011,
  edition	   = 7,
}

@book{stevens2013advanced,
  title		   = {Advanced programming in the UNIX environment},
  author	   = {Stevens, W Richard and Rago, Stephen A},
  year		   = 2013,
  publisher	   = {Addison-Wesley}
}

@book{tanenbaum2008modern,
  author	   = {Tanenbaum, Andrew S.},
  title		   = {Modern Operating Systems},
  year		   = 2007,
  edition	   = 3,
  publisher	   = {Prentice Hall Press},
}

@Misc{tigran2002lki,
  author	   = {Tigran Aivazian},
  title		   = {Linux Kernel 2.4 Internals},
  year		   = 2002
}

@misc{ubuntuforums:linkl47,
  author	   = {ubuntuforums.org},
  title		   = {link list implementation in linux kernel},
  year		   = 2012,
}

@Misc{unix:kstack,
  author	   = {UNIX for Dummies Questions \& Answers},
  title		   = {Kernel Stack vs User Mode Stack},
  year		   = 2012,
}

@Article{unknown10-understandingmemory,
  author	   = {Research Computing Support Group},
  title		   = {Understanding Memory},
  journal	   = {University of Alberta},
  year		   = 2010,
}

@book{waite1987c,
  title		   = {C primer plus},
  author	   = {Waite, Mitchell and Prata, Stephen and Martin, Donald},
  year		   = 1987,
  publisher	   = {Sams}
}

@Misc{wang2004i386boot,
  author	   = {Feiyun Wang},
  title		   = {Linux i386 Boot Code HOWTO},
  year		   = 2004
}

@Book{wangshuang03,
  author	   = {王爽},
  title		   = {汇编语言},
  publisher	   = {清华大学出版社},
  year		   = 2003
}

@misc{web:DataS13,
  author	   = {John Morris},
  title		   = {Data Structures and Algorithms: Red-Black Trees},
  year		   = 1998,
}

@misc{web:TheAr30,
  author	   = {William Swanson},
  title		   = {The Art of Picking Intel Registers},
  year		   = 2003,
}

@Misc{web:array-linkedlist,
  author	   = {stackoverflow},
  title		   = {Array versus linked-list},
  year		   = 2014,
}

@Misc{web:bios-rom,
  author	   = {stackoverflow},
  title		   = {How is the BIOS ROM mapped into address space on PC?},
  year		   = 2011,
}

@Misc{web:bios-rom2,
  author	   = {stackoverflow},
  title		   = {Do normal x86 or AMD PCs run startup/BIOS code directly from ROM, or do
                  they copy it first to RAM?},
  year		   = 2011,
}

@Misc{web:boot-cpu,
  author	   = {lateblt},
  title		   = {What Happens When A CPU Starts},
  year		   = 2011,
  }

@Misc{web:boot-seq,
  author	   = {pcguide},
  title		   = {System Boot Sequence},
  year		   = 2001,
}

@Misc{web:containerof,
  author	   = {kernelnewbies},
  title		   = {FAQ/ContainerOf},
  year		   = 2006,
}

@Book{web:debianhandbook,
  author	   = {Raphaël Hertzog and Roland Mas},
  title		   = {The Debian Administrator's Handbook},
  publisher	   = {Freexian SARL},
  month		   = 10,
  year		   = 2015
}

@Book{web:debkernelhandbook,
  author	   = {The Debian Kernel Handbook Project},
  title		   = {Debian Linux Kernel Handbook},
  publisher	   = {Free software Foundation},
  year		   = 2013,
}

@Misc{web:dowhile,
  author	   = {ubuntuforums.org},
  title		   = {link list implementation in linux kernel easy question syntax not clear},
  year		   = 2010,
  note		   = "[Online; accessed 19-Apr-2015]"
}

@Misc{web:dowhile2,
  author	   = {stackoverflow},
  title		   = {What's the use of do while(0) when we define a macro?},
  year		   = 2009,
}

@Misc{web:dowhile3,
  author	   = {stackoverflow},
  title		   = {Do-While and if-else statements in C/C++ macros},
  year		   = 2010,
}

@Misc{web:ext2analysis,
  author	   = {David Morgan},
  title		   = {Analyzing a filesystem},
  year		   = 2012
}

@Misc{web:gcc,
  author	   = {gcc.gnu.org},
  title		   = {GCC Manual},
  year		   = 2015,
}

@Misc{web:ibm-c,
  author	   = {ibm.com},
  title		   = {Designated initializers for aggregate types (C only)},
  year		   = 2015,
}

@Misc{web:inline-c,
  author	   = {RJK},
  title		   = {Inline Functions In C},
  year		   = 2015,
}

@Misc{web:kernel-fp,
  author	   = {stackoverflow},
  title		   = {Use of floating point in the Linux kernel},
  year		   = 2012,
}

@Misc{web:kernel-fp2,
  author	   = {blogspot.com},
  title		   = {Linux Kernel and Floating Point},
  year		   = 2011,
}

@Misc{web:kernelctrlpath,
  author	   = {Stackoverflow},
  title		   = {Userspace process preempts kernel thread?},
  year		   = 2011,
}

@Misc{web:klist,
  author	   = {isis.poly.edu},
  title		   = {Linux Kernel Linked List Explained},
  year		   = 2005,
}

@Misc{web:klist2,
  author	   = {blogspot.com},
  title		   = {Linux Kernel: 強大又好用的list\_head結構},
  year		   = 2007,
}

@Misc{web:likely,
  author	   = {kernelnewbies.org},
  title		   = {FAQ/LikelyUnlikely},
  year		   = 2006,
}

@Misc{web:linkedlist,
  author	   = {kernelnewbies.org},
  title		   = {FAQ/LinkedLists},
  year		   = 2014,
}

@Misc{web:linuxbootloader,
  author	   = {L.C. Benschop},
  title		   = {Linux Boot Loaders Compared},
  year		   = 2003,
}

@Misc{web:linuxgazette70,
  author	   = {Subhasish Ghosh},
  title		   = {Bootstrapping a Linux system - an Analysis},
  year		   = 2001
}

@Misc{web:linuxhistory,
  author	   = {Ragib Hasan},
  title		   = {History of Linux},
  year		   = 2002
}

@Misc{web:linuxtimeline,
  author	   = {Jorn Barger},
  title		   = {Timeline of GNU/Linux and Unix},
  year		   = 2002
}

@Misc{web:pagealloc,
  author	   = {Linuxmm},
  title		   = {PageAllocation},
  year		   = 2013,
}

@Misc{web:pete2012booting2,
  author	   = {Pete Dice},
  title		   = {Booting an Intel Architecture System, Part II: Advanced Initialization},
  month		   = 1,
  year		   = 2012
}

@Misc{web:ps-session,
  author	   = {Stackexchange},
  title		   = {What are session leaders in PS?},
  year		   = 2011,
}

@Misc{web:rbtree,
  author	   = {lwn.net},
  title		   = {Red-black trees},
  year		   = 2006,
}

@Misc{web:rbtree2,
  author	   = {Rob Landly},
  title		   = {Red-black Trees (rbtree) in Linux},
  year		   = 2007,
}

@Misc{web:reentrant,
  author	   = {Stackoverflow},
  title		   = {Threadsafe vs re-entrant},
  year		   = 2009,
}

@Misc{web:reentrant2,
  author	   = {Stackoverflow},
  title		   = {what is the difference between re-entrant function and recursive
                  function in C?},
  year		   = 2008,
}

@misc{web:uin93,
  author	   = {cprogramming.com},
  title		   = {((uint32\_t)(\~{}0UL)) ??},
  year		   = 2010,
}

@Misc{web:unixhistory,
  author	   = {Warren Toomey},
  title		   = {The Strange Birth and Long Life of Unix},
  year		   = 2011
}

@misc{web:xv6,
  author	   = {MIT},
  title		   = {Xv6{,} a simple Unix-like teaching operating system},
  year		   = 2014,
}

@book{weiss1993data,
  title		   = {Data structures and algorithm analysis in C},
  author	   = {Weiss, Mark Allen and Weiss, Mark Allen},
  year		   = 1993,
  publisher	   = {Benjamin/Cummings California}
}

@misc{ wiki:Busywating,
  author	   = "Wikipedia contributors",
  title		   = "Busy waiting --- Wikipedia{,} The Free Encyclopedia",
  year		   = 2017,
}

@misc{ wiki:cfs,
    author = "{Wikipedia contributors}",
    title = "Completely Fair Scheduler --- {Wikipedia}{,} The Free Encyclopedia",
    year = 2018,
  }

@misc{ wiki:ctxtSwtch,
    author = "{Wikipedia contributors}",
    title = "Context switch --- {Wikipedia}{,} The Free Encyclopedia",
    year = "2018",
  }

@misc{ wiki:dijkstra,
  title		   = "Edsger W. Dijkstra --- {Wikipedia}{,} The Free Encyclopedia",
  author	   = "{Wikipedia contributors}",
  year		   = 2018,
}

@misc{ wiki:garbage,
  title		   = "Garbage collection (computer science) --- {Wikipedia}{,} The Free
                  Encyclopedia",
  author	   = "{Wikipedia contributors}",
  year		   = 2018,
}

@misc{ wiki:interrupt,
  author	   = "Wikipedia contributors",
  title		   = "Interrupt --- Wikipedia{,} The Free Encyclopedia",
  year		   = 2018,
}

@misc{ wiki:o1s,
    author = "{Wikipedia contributors}",
    title = "O(1) scheduler --- {Wikipedia}{,} The Free Encyclopedia",
    year = "2018",
  }

@misc{ wiki:reference,
  title		   = "Reference counting --- {Wikipedia}{,} The Free Encyclopedia",
  author	   = "{Wikipedia contributors}",
  year		   = 2018,
}

@misc{ wiki:tracing,
  title		   = "Tracing garbage collection --- {Wikipedia}{,} The Free Encyclopedia",
  author	   = "{Wikipedia contributors}",
  year		   = 2018,
}

@misc{ wiki:unixtree,
  author	   = "Wikipedia contributors",
  title		   = "Unix --- Wikipedia{,} The Free Encyclopedia",
  year		   = 2017,
}

@misc{wiki:zombieproc,
  title		   = "Zombie process --- {Wikipedia}{,} The Free Encyclopedia",
  author	   = "{Wikipedia contributors}",
  year		   = 2017,
}

@Misc{wikibooks-gas,
  author	   = {Wikibooks},
  title		   = {GAS Syntax},
  year		   = 2012,
}

@misc{william_eric_harshadrai_2006,
  title		   = {Process management},
  author	   = {William and Eric and Harshadrai},
  year		   = 2006,
  month		   = 1,
}

@Misc{x86-inline-asm-linux,
  title		   = {Inline assembly for x86 in Linux},
  author	   = {IBM Developerworks},
  year		   = 2012,
}

@Misc{x86assemblymanual,
  author	   = {Oracle},
  title		   = {x86 Assembly Language Reference Manual},
  year		   = 2012,
}


@book{yuyuan2009orange,
  title		   = "Orange'S：一个操作系统的实现",
  author	   = "于渊",
  year		   = 2009,
  publisher	   = "电子工业出版社",
}

@Book{zhenggang2016,
  author	   = {郑钢},
  title		   = {操作系统真象还原},
  publisher	   = {人民邮电出版社},
  year		   = 2016
}

@Misc{zombie-orphan,
  title		   = {Orphan computer process identification},
  author	   = {Michael D. O'Donnell},
  year		   = 1998,
  month		   = 9,
}

@Misc{zombie-orphancause,
  title		   = {System and method for handling orphaned cause and effect objects},
  author	   = {Margaret Gardner MacPhail},
  year		   = 2004,
  month		   = 4,
}

@Misc{zombie-swapper,
  title		   = {System and method to improve harvesting of zombie processes in an
                  operating system},
  author	   = {Luke M. Browning},
  year		   = 2002,
  month		   = 2,
}

@Book{zos,
  title		   = {z/OS concepts},
  author	   = {Ellis Horwood},
  publisher	   = {z/OS Basic Skills Information Center},
  year		   = 2010
}

@Book{zouhengming09,
  title		   = {计算机的心智：操作系统之哲学原理},
  author	   = {邹恒明},
  publisher	   = {机械工业出版社},
  year		   = 2009
}

