@Article{luo17,
  author	   = "罗志兵",
  title		   = "基于动态规划的基因双序列比对研究",
  journaltitle	   = "现代计算机",
  year = 2017,
  number = 11,
  pages		   = {28-33}
}

@Article{zjg02,
  author	   = {赵家刚 and 徐声远},
  title		   = {ENT环境下远程处理的教学方法探索},
  journal	   = {西南林学院学报增刊},
  year		   = 2002,
  month		   = 12
}

@Article{zjg03,
  author	   = {赵家刚 and 林毓材},
  title		   = {数据挖掘的关联规则研究},
  journal	   = {计算机科学专刊},
  year		   = 2003,
  month		   = 12
}

@Book{zjg07,
  author	   = {赵家刚 and 王红菘},
  title		   = {大学计算机程序设计},
  publisher	   = {中国科学技术出版社},
  year		   = 2007,
  month		   = 7
}

@article{zjg09,
  author	   = {Jiagang ZHAO and Shiyou Li},
  title		   = {Prediction Model For Postfire Mortality of Pinus Yunnanensis in central
                  Yunnan Province},
  journal	   = {ICCAE 国际会议},
  year		   = 2009,
  note		   = {EI索引}
}

@article{zjg09-2,
  author	   = {赵家刚},
  title		   = {枚举组合算法的研究与应用},
  journal	   = {科技信息},
  year		   = 2009,
  pages		   = "pp430-431",
  note		   = {CJFD收录}
}

@Article{zjg09-3,
  author	   = {赵家刚},
  title		   = {C语言函数教学法探讨},
  journal	   = {中国教育研究论},
  year		   = 2009,
  month		   = 12,
  pages		   = "pp61--65",
  note		   = {CJFD收录}
}

@Article{zjg09-4,
  author	   = {赵家刚},
  title		   = {指针的学习与应用},
  journal	   = {电脑编程技巧与维护},
  year		   = 2009,
  pages		   = {pp114-126},
  month		   = 12,
  note		   = {CJFD收录}
}

@Book{zjg10,
  author	   = {赵家刚 and 李俊萩},
  title		   = {C语言程序设计},
  publisher	   = {西南交通大学出版社},
  year		   = 2010,
  month		   = 8
}

@Article{zjg11,
  author	   = {赵家刚},
  title		   = {C语言指针教学中的知识点分析与总结},
  journal	   = {计算机教育},
  year		   = 2011,
  pages		   = {pp55-61},
  month		   = 8,
  note		   = {CJFD收录}
}

@Book{zjg13,
  author	   = {赵家刚 and 狄光智 and 吕丹桔},
  title		   = {计算机编程导论 -- Python程序设计},
  publisher	   = {人民邮电出版社},
  year		   = 2013,
  month		   = 10
}
