@book{yuyuan2009orange,
  title =	 {Orange'S： 一个操作系统的实现},
  author =	 {于渊},
  year =	 2009,
  publisher =	 {电子工业出版社},
}

@Book{wangshuang03,
  author = 	 {王爽},
  title = 	 {汇编语言},
  publisher = 	 {清华大学出版社},
  year = 	 2003}

@Misc{intel86,
  author = 	 {Intel},
  title = 	 {INTEL 80386 Programmer's Reference Manual},
  year = 	 1986,
}

@misc{wikipedia-real-mode,
  author =	 {Wikipedia},
  title =	 { operating system in x86 --- Wikipedia{,} The Free Encyclopedia},
  year =	 2015,
  url =
                  {http://en.wikipedia.org/wiki/Real_mode}
}
@misc{wikipedia-os,
  author =	 {Wikipedia},
  title =	 {History of operating systems --- Wikipedia{,} The Free Encyclopedia},
  year =	 2015,
  url =
                  {http://en.wikipedia.org/wiki/Operating_system}
}
@misc{wikipedia-Protected_mode,
  author =	 {Wikipedia},
  title =	 {what is Protected\_mode --- Wikipedia{,} The Free Encyclopedia},
  year =	 2015,
  url =
                  {http://en.wikipedia.org/wiki/Protected_mode}
}
@misc{wikipedia-syscall,
  author =	 {Wikipedia},
  title =	 {program requests a service from an operating system's kernel --- Wikipedia{,} The Free Encyclopedia},
  year =	 2015,
}
@misc{wikipedia-shell,
  author =	 {Wikipedia},
  title =	 {shell's definition --- Wikipedia{,} The Free Encyclopedia},
  year =	 2015,
}

@Book{zouhengming09,
  author = 	 {邹恒明},
  title = 	 {计算机的心智：操作系统之哲学原理},
  publisher = 	 {机械工业出版社},
  year = 	 2009}
  
@Book{os30days,
  author =         {川合秀实},
  title =        {30天自制操作系统},
  publisher =       {人民邮电出版社},
  year   =  2014}

@book{tanenbaum2008modern,
  title = {Modern Operating Systems},
  edition = 	 3,
  author =	 {Tanenbaum, A.S.},
  year =	 2008,
  publisher =	 {Pearson Prentice Hall},
}