%% LaTeX2e file `os.bib'
%% generated by the `filecontents' environment
%% from source `os' on 2024/06/20.
%%
@book{tanenbaum2015modern,
  author    = {Tanenbaum, Andrew S.},
  title     = {Modern Operating Systems (4ed)},
  year     = 2015,
  publisher    = {Prentice Hall Press}
}
@Book{tangxiaodan21,
  Author = "汤小丹",
  Title  = "计算机操作系统（慕课版）",
  Publisher = "人民邮电出版社",
  Year  = 2021,
}
