@article{alesina2000gives,
  title={Who gives foreign aid to whom and why?},
  author={Alesina, Alberto and Dollar, David},
  journal={Journal of economic growth},
  volume={5},
  number={1},
  pages={33--63},
  year={2000},
  publisher={Springer}
}

@article{amprou2007aid,
  title={Aid selectivity according to augmented criteria},
  author={Amprou, Jacky and Guillaumont, Patrick and Jeanneney, Sylviane Guillaumont},
  journal={World Economy},
  volume={30},
  number={5},
  pages={733--763},
  year={2007},
  publisher={Wiley Online Library}
}

@article{berthelemy2002bilateral,
  title={Bilateral donor’s aid allocation decisions},
  author={Berthelemy, Jean-Claude and Tichit, Ariane},
  journal={World Institute for Development Economic Research (WIDER) Discussion Paper},
  number={2002/123},
  year={2002}
}

@article{berthelemy2006aid,
  title={Aid allocation: Comparing donor's behaviours},
  author={Berth{\'e}lemy, J and others},
  journal={Swedish economic policy review},
  volume={13},
  number={2},
  pages={75},
  year={2006},
  publisher={ECONOMIC COUNCIL OF SWEDEN}
}

@article{collier2002aid,
  title={Aid allocation and poverty reduction},
  author={Collier, Paul and Dollar, David},
  journal={European economic review},
  volume={46},
  number={8},
  pages={1475--1500},
  year={2002},
  publisher={Elsevier}
}

@article{de2007foreign,
  title={Foreign aid and policy concessions},
  author={De Mesquita, Bruce Bueno and Smith, Alastair},
  journal={Journal of Conflict Resolution},
  volume={51},
  number={2},
  pages={251--284},
  year={2007},
  publisher={Sage Publications Sage CA: Los Angeles, CA}
}

@article{de2009political,
  title={A political economy of aid},
  author={De Mesquita, Bruce Bueno and Smith, Alastair},
  journal={International Organization},
  volume={63},
  number={2},
  pages={309--340},
  year={2009},
  publisher={Cambridge University Press}
}

@article{djankov2008curse,
  title={The curse of aid},
  author={Djankov, Simeon and Montalvo, Jose G and Reynal-Querol, Marta},
  journal={Journal of economic growth},
  volume={13},
  number={3},
  pages={169--194},
  year={2008},
  publisher={Springer}
}

@article{feeny2002modeling,
  title={Modeling Intertemporal Aid Allocation to Papua New Guinea},
  author={Feeny, Simon and McGillivray, Mark},
  journal={Allocation of Foreign Aid and Economic Development: New Theoretical and Empirical Perspectives},
  pages={11--26},
  year={2002}
}

@article{frank1969underdevelopment,
  title={The Underdevelopment Policy of the United Nations in Latin America},
  author={Frank, Andre Gunder},
  journal={NACLA Newsletter},
  volume={3},
  number={8},
  pages={1--9},
  year={1969},
  publisher={Taylor \& Francis}
}

@article{harrigan2011new,
  title={A new approach to the allocation of aid among developing countries: is the USA different from the rest?},
  author={Harrigan, Jane and Wang, Chengang},
  journal={World Development},
  volume={39},
  number={8},
  pages={1281--1293},
  year={2011},
  publisher={Elsevier}
}

@article{hayter1971aid,
  title={Aid as imperialism},
  author={Hayter, Teresa and others},
  year={1971},
  publisher={Eng.] Penguin}
}

@article{hayter1981creation,
  title={The creation of world poverty; an alternative view to the Brandt report},
  author={Hayter, Teresa and others},
  year={1981},
  publisher={London (UK) Pluto Press}
}

@article{hensman1971rich,
  title={Rich against poor},
  author={Hensman, Charles Richard},
  year={1971},
  publisher={Mass., Schenkman Publ Co.}
}

@article{hoeffler2011need,
  title={Need, merit, or self-interest—what determines the allocation of aid?},
  author={Hoeffler, Anke and Outram, Verity},
  journal={Review of Development Economics},
  volume={15},
  number={2},
  pages={237--250},
  year={2011},
  publisher={Wiley Online Library}
}

@article{knack2007donor,
  title={Donor fragmentation and bureaucratic quality in aid recipients},
  author={Knack, Stephen and Rahman, Aminur},
  journal={Journal of Development Economics},
  volume={83},
  number={1},
  pages={176--197},
  year={2007},
  publisher={Elsevier}
}

@article{laderchi2003does,
  title={Does it matter that we do not agree on the definition of poverty? A comparison of four approaches},
  author={Laderchi, Caterina Ruggeri and Saith, Ruhi and Stewart, Frances},
  journal={Oxford development studies},
  volume={31},
  number={3},
  pages={243--274},
  year={2003},
  publisher={Taylor \& Francis}
}

@article{lewis2003environmental,
  title={Environmental aid: Driven by recipient need or donor interests?},
  author={Lewis, Tammy L},
  journal={Social Science Quarterly},
  volume={84},
  number={1},
  pages={144--161},
  year={2003},
  publisher={Wiley Online Library}
}

@article{maizels1984motivations,
  title={Motivations for aid to developing countries},
  author={Maizels, Alfred and Nissanke, Machiko K},
  journal={World development},
  volume={12},
  number={9},
  pages={879--900},
  year={1984},
  publisher={Elsevier}
}

@article{mcgillivray2003aid,
  title={Aid effectiveness and selectivity: Integrating multiple objectives into aid allocations},
  author={McGillivray, Mark},
  year={2003},
  publisher={WIDER Discussion Paper}
}

@article{mckinlay1977foreign,
  title={A foreign policy model of US bilateral aid allocation},
  author={McKinlay, Robert D and Little, Richard},
  journal={World Politics},
  volume={30},
  number={1},
  pages={58--86},
  year={1977},
  publisher={Cambridge University Press}
}

@article{mckinlay1978foreign,
  title={A foreign-policy model of the distribution of British bilateral aid, 1960--70},
  author={McKinlay, Robert D and Little, Richard},
  journal={British Journal of Political Science},
  volume={8},
  number={3},
  pages={313--331},
  year={1978},
  publisher={Cambridge University Press}
}

@article{mckinlay1978french,
  title={The French aid relationship: a foreign policy model of the distribution of French bilateral aid, 1964--70},
  author={McKinlay, Robert D and Little, Richard},
  journal={Development and Change},
  volume={9},
  number={3},
  pages={459--478},
  year={1978},
  publisher={Wiley Online Library}
}

@article{mckinlay1979aid,
  title={The aid relationship: A foreign policy model and interpretation of the distributions of official bilateral economic aid of the United States, the United Kingdom, France, and Germany, 1960--1970},
  author={McKinlay, Robert D},
  journal={Comparative Political Studies},
  volume={11},
  number={4},
  pages={411--464},
  year={1979},
  publisher={Sage Publications Sage CA: Los Angeles, CA}
}

@misc{nuti1969pillage,
  title={The Pillage of the Third World},
  author={Nuti, DM},
  year=1969,
  publisher={JSTOR}
}

@article{thiele2007donors,
  title={Do donors target aid in line with the Millennium Development Goals? A sector perspective of aid allocation},
  author={Thiele, Rainer and Nunnenkamp, Peter and Dreher, Axel},
  journal={Review of World Economics},
  volume={143},
  number={4},
  pages={596--630},
  year={2007},
  publisher={Springer}
}

@book{world2020poverty,
  title={Poverty and shared prosperity 2020: Reversals of fortune},
  author={World Bank},
  year={2020},
  publisher={The World Bank}
}