  @Misc{intel86,
    author    = {Intel},
    title     = {INTEL 80386 Programmer's Reference Manual},
    year     = 1986,
  }
  @book{tanenbaum2015modern,
    author    = {Tanenbaum, Andrew S.},
    title     = {Modern Operating Systems},
    year     = 2015,
    edition    = 4,
    publisher    = {Prentice Hall Press}
  }
  @misc{web:xv6,
    author    = {MIT},
    title     = {Xv6{,} a simple Unix-like teaching operating system},
    year     = 2014
  }
