%% LaTeX2e file `os.bib'
%% generated by the `filecontents' environment
%% from source `mayuan' on 2018/12/23.
%%
@book{in30days,
  author    = "川合秀实",
  title     = "30天自制操作系统",
  url     = {https://cs3.swfu.edu.cn/tech/get/PDF/3/Calibre1},
  year     = 2012,
  publisher    = "人民邮电出版社"
}
@Misc{intel86,
  author    = {Intel},
  title     = {INTEL 80386 Programmer's Reference Manual},
  year     = 1986,
}
@book{tanenbaum2015modern,
  author    = {Tanenbaum, Andrew S.},
  title     = {Modern Operating Systems},
  url     = {https://cs3.swfu.edu.cn/tech/get/PDF/4/Calibre1},
  year     = 2015,
  edition    = 4,
  publisher    = {Prentice Hall Press}
}
@misc{web:xv6,
  author    = {MIT},
  title     = {Xv6{,} a simple Unix-like teaching operating system},
  year     = 2014
}
@book{yuyuan2009orange,
  author    = "于渊",
  title     = "OrangeS：一个操作系统的实现",
  url     = {https://cs3.swfu.edu.cn/tech/get/PDF/2/Calibre1},
  year     = 2009,
  publisher    = "电子工业出版社"
}
