@book{shediao,
  title =	 {《射雕英雄传》},
  author =	 {金庸},
  url =		 {\url{http://zh.wikipedia.org/w/index.php?title=\%E5\%B0\%84\%E9\%B5\%B0\%E8\%8B\%B1\%E9\%9B\%84\%E5\%82\%B3\&oldid=35704466}},
  year =	 2003,
  publisher =	 {广州出版社},
}
@book{shendiao,
   author = "金庸",
   title = "《神雕侠侣》",
   year = "1992",
   url = "\url{http://zh.wikipedia.org/w/index.php?title=\%E7\%A5\%9E\%E9\%B5\%B0\%E4\%BF\%A0\%E4\%BE\%B6\&oldid=35558484}",
   publisher = "陕西人民出版社"
 }
@book{yitian,
   author = "金庸",
   title = "《倚天屠龙记》",
   year = "2002",
   publisher = "广州出版社"
 }
@book{jyinzj,
   author = "達摩祖師",
   title = "《九陰真經》",
   year = "530",
   publisher = "少林寺藏经阁出版社\footnote{成书年代参考[表~\ref{tab:historyline}].}",
   url = "\url{http://zh.wikipedia.org/wiki/\%E4\%B9\%9D\%E9\%99\%B0\%E7\%9C\%9F\%E7\%B6\%93}"
 }
@book{jyangzj,
   author = "達摩祖師",
   title = "《九陽真經》",
   year = "530",
   url = "\url{http://zh.wikipedia.org/wiki/\%E4\%B9\%9D\%E9\%99\%BD\%E7\%9C\%9F\%E7\%B6\%93}",
   publisher = "少林寺藏经阁出版社"
 }
@book{ynxj,
author = "林朝英",
title = "《玉女心经》",
year = "1130",
publisher = "终南山活死人墓出版社",
} 
@book{dagoubang,
author = "洪七公，黄蓉",
title = "《打狗棒法》",
year = "1245",
publisher = "大宋丐帮出版社"
}
@book{yiyangzhi,
author = "段誉",
title = "《一阳指》",
year = "1150",
publisher = "大理国皇家武术出版社"
}
@book{khbd,
author = "前朝太監",
title = "《葵花宝典》",
year = "成书年月不详",
publisher = "福建少林寺藏经阁出版社"
}
@book{pxjp,
author = "前朝太監",
title = "《辟邪劍譜》",
year = "成书年月不详",
publisher = "福建少林寺藏经阁出版社"
}
@misc{jinyongcn,
   author = "维基百科",
   title = "金庸 --- 维基百科{,} 自由的百科全书",
   year = "2015",
   url = "\url{http://zh.wikipedia.org/w/index.php?title=\%E9\%87\%91\%E5\%BA\%B8\&oldid=35589076}",
   note = "[Online; accessed 14-05-2015]"
 }
@misc{jinyong,
   author = "Wikipedia",
   title = "Jin Yong --- Wikipedia{,} The Free Encyclopedia",
   year = "2015",
   url = "\url{http://en.wikipedia.org/w/index.php?title=Jin_Yong\&oldid=661182886}",
   note = "[Online; accessed 14-May-2015]"
 } 
@misc{wugong,
   author = "Wikipedia",
   title = "Chinese martial arts --- Wikipedia{,} The Free Encyclopedia",
   year = "2015",
   url = "\url{http://en.wikipedia.org/w/index.php?title=Chinese_martial_arts&oldid=662121545}",
   note = "[Online; accessed 14-May-2015]"
 }
@misc{wushu,
   author = "Wikipedia",
   title = "Chinese martial arts --- Wikipedia{,} The Free Encyclopedia",
   year = "2015",
   url = "\url{http://en.wikipedia.org/w/index.php?title=Chinese_martial_arts&oldid=662121545}",
   note = "[Online; accessed 14-May-2015]"
 }
@misc{wushucn,
   author = "维基百科",
   title = "中国武术 --- 维基百科{,} 自由的百科全书",
   year = "2015",
   url = "\url{http://zh.wikipedia.org/w/index.php?title=\%E4\%B8\%AD\%E5\%9B\%BD\%E6\%AD\%A6\%E6\%9C\%AF\&oldid=35038890}",
   note = "[Online; accessed 14-05-2015]"
 }