%% LaTeX2e file `net.bib'
%% generated by the `filecontents' environment
%% from source `net' on 2018/12/21.
%%
@book{tanenbaum2011computer,
  title={Computer Networks},
  author={Tanenbaum, A.S. and Wetherall, D.},
  isbn=9780132126953,
  lccn=2010034366,
  url={https://cs3.swfu.edu.cn/tech/get/PDF/29/Calibre1},
  year=2011,
  publisher={Pearson Prentice Hall}
}
