%% LaTeX2e file `os.bib'
%% generated by the `filecontents' environment
%% from source `os' on 2019/07/19.
%%
@book{tanenbaum2015modern,
  author    = {Tanenbaum, Andrew S.},
  title     = {Modern Operating Systems},
  year     = 2015,
  edition    = 4,
  publisher    = {Prentice Hall Press}
}
