@book{ harrypotter,
    author     = {J. K. Rowling},
    title      = {Harry Potter and the Philosopher's Stone},
    date       = {1997},
    publisher  = {Bloomsbury},
}

@Book{ nla.cat-vn992642,
author = { Kirk, Connie Ann. },
title = { J.K. Rowling : a biography / Connie Ann Kirk },
publisher = { Greenwood Press Westport, Connecticut },
date = { 2003 },
}

@Book{ nla.cat-vn7290756,
author = { Baker, Felicity, },
title = { Harry Potter : cinematic guide / by Felicity Baker },
publisher = { Scholastic Inc Broadway, New York },
date = { 2016 },
}
