  @book{in30days,
    title     = "30天自制操作系统",
    author    = "川合秀实",
    year     = 2012,
    publisher    = "人民邮电出版社"
  }
  @Misc{intel86,
    author    = {Intel},
    title     = {INTEL 80386 Programmer's Reference Manual},
    year     = 1986,
  }
  @book{tanenbaum2015modern,
    author    = {Tanenbaum, Andrew S.},
    title     = {Modern Operating Systems},
    year     = 2015,
    edition    = 4,
    publisher    = {Prentice Hall Press}
  }
  @misc{web:xv6,
    author    = {MIT},
    title     = {Xv6{,} a simple Unix-like teaching operating system},
    year     = 2014
  }
  @book{yuyuan2009orange,
    title     = "Orange'S：一个操作系统的实现",
    author    = "于渊",
    year     = 2009,
    publisher    = "电子工业出版社"
  }
