@Article{key1,
  author	   = "某研究生",
  title		   = "某篇论文",
  journaltitle	   = "某期刊",
  year = 2017,
  number = 11,
  pages		   = {28-33}
}

@Article{key2,
  author	   = "某研究生",
  title		   = "某篇论文",
  journaltitle	   = "某期刊",
  year = 2017,
  number = 11,
  pages		   = {28-33}
}

@Article{key3,
  author	   = "某研究生",
  title		   = "某篇论文",
  journaltitle	   = "某期刊",
  year = 2017,
  number = 11,
  pages		   = {28-33}
}

@Article{key4,
  author	   = "某研究生",
  title		   = "某篇论文",
  journaltitle	   = "某期刊",
  year = 2017,
  number = 11,
  pages		   = {28-33}
}

