@book{ harrypotter,
    author     = {J. K. Rowling},
    title      = {Harry Potter and the Philosopher's Stone},
    date       = {1997},
    publisher  = {Bloomsbury},
    isbn       = {0-7475-3269-9},
}

@Book{ nla.cat-vn992642,
author = { Kirk, Connie Ann. },
title = { J.K. Rowling : a biography / Connie Ann Kirk },
isbn = { 0313322058 },
publisher = { Greenwood Press Westport, Connecticut },
pages = { xiii, 141 p., [4] p. of plates : },
year = { 2003 },
type = { Book },
url = { http://www.loc.gov/catdir/toc/fy036/2002075330.html },
language = { English },
subjects = { Rowling, J. K.; Potter, Harry (Fictitious character); Authors, English -- 20th century -- Biography.; Children's stories -- Authorship. },
life-dates = { 2003 -  },
catalogue-url = { https://nla.gov.au/nla.cat-vn992642 },
}

@Book{ nla.cat-vn7290756,
author = { Baker, Felicity, },
title = { Harry Potter : cinematic guide / by Felicity Baker },
isbn = { 9781338116762 },
publisher = { Scholastic Inc Broadway, New York },
pages = { [64] pages : },
year = { 2016 2016 },
type = { Book },
language = { English },
subjects = { Potter, Harry, (Fictitious character) -- Juvenile literature.; Rowling, J. K. -- Characters -- Harry Potter.; Rowling, J. K. -- Characters -- Harry Potter -- Handbooks, manuals, etc.; Potter, Harry, (Fictitious character); Harry Potter films -- Miscellanea -- Juvenile literature.; Characters and characteristics in motion pictures.; Harry Potter films. },
life-dates = { 2016 - 2016 },
catalogue-url = { https://nla.gov.au/nla.cat-vn7290756 },
}
