@Book{		  bach1986design,
  Title		= {The design of the UNIX operating system},
  Author	= {Bach, M.J.},
  Series	= {Prentice-Hall software series},
  Year		= 1986,
  Publisher	= {Prentice-Hall}
}

@book{bautts2005linux,
  title={Linux Network Administrator's Guide},
  author={Bautts, T. and Dawson, T. and Purdy, G.},
  isbn={9780596005481},
  series={O'Reilly Series},
  url={https://books.google.com.hk/books?id=T8V02u2jDP0C},
  year={2005},
  publisher={O'Reilly Media}
}

@Book{		  bovet2005understanding,
  Title		= {Understanding The Linux Kernel},
  Author	= {Bovet, D.P. and Cesati, M.},
  Year		= 2005,
  Publisher	= {OReilly},
  Edition	= 3
}

@Book{		  bryant2010computersystems,
  Author	= {Bryant, Randal E. and O'Hallaron, David R.},
  Title		= {Computer Systems: A Programmer's Perspective},
  Year		= 2010,
  Edition	= 2,
  Publisher	= {Addison-Wesley},
  Address	= {USA},
  URL		= {https://cs6.swfu.edu.cn/calibre/#book_id=33&library_id=calibre&panel=book_details}
}

@book{clj2006,
  title={Linux操作系统原理与应用},
  author={陈莉君},
  year=2006,
  publisher={清华大学出版社},
  isbn=9787302118343,
}

@book{cooper2010advanced,
  title={Advanced Bash Scripting Guide 5.3 Volume 1},
  author={Cooper, Mendel},
  volume=1,
  year=2010,
  publisher={Lulu.com}
}

@Book{		  corbet05ldd,
  Author	= {Jonathan Corbet and Greg Kroah-Hartman and Alessandro
		  Rubini},
  Title		= {Linux Device Drivers},
  Publisher	= {O'Reilly},
  Year		= 2005,
  Edition	= 3,
}

@book{fall2011tcp,
  title={TCP/IP Illustrated, Volume 1: The Protocols},
  author={Fall, K.R. and Stevens, W.R.},
  isbn=9780132808187,
  series={Addison-Wesley Professional Computing Series},
  url={https://cs6.swfu.edu.cn/calibre/get/PDF/32/calibre},
  year=2011,
  publisher={Pearson Education}
}

@book{hall2009beej,
  title={Beej's Guide to Network Programming: Using Internet Sockets},
  author={Hall, B.},
  url={http://beej.us/guide/bgnet/output/html/singlepage/bgnet.html},
  year={2012}
}

@book{hunt2002tcp,
  title={TCP/IP Network Administration},
  author={Hunt, C.},
  isbn={9781449390785},
  url={https://books.google.com.hk/books?id=A\_LL2LQASdoC},
  year={2002},
  publisher={O'Reilly Media}
}

@Book{		  in30days,
  Title		= "30天自制操作系统",
  Author	= "川合秀实",
  Year		= 2012,
  Publisher	= "人民邮电出版社"
}

@Book{		  kerrisk:2010:lpi:1869911,
  Author	= {Kerrisk, Michael},
  Title		= {The Linux Programming Interface: A Linux and UNIX System
		  Programming Handbook},
  Year		= 2010,
  URL		= {https://cs6.swfu.edu.cn/calibre/get/PDF/166/calibre},
  Publisher	= {No Starch Press}
}

@Book{		  kroah-hartman:1053063,
  Author	= "Kroah-Hartman, Greg",
  Title		= "{Linux Kernel in a Nutshell: A Desktop Quick Reference}",
  Publisher	= "O'Reilly",
  Year		= 2007,
  URL		= "http://www.kroah.com/lkn/"
}

@book{kurose2013computer,
  title={Computer Networking: A Top-down Approach},
  author={Kurose, J.F. and Ross, K.W.},
  isbn=9780132856201,
  lccn=2011048215,
  series={Always learning},
  url={https://cs6.swfu.edu.cn/calibre/get/PDF/27/calibre},
  year=2013,
  publisher={Pearson}
}

@Book{		  linuxkernelart13,
  Author	= "新设计团队",
  Title		= "Linux内核设计的艺术",
  Publisher	= "机械工业出版社",
  Year		= 2013,
  Month		= 5
}

@Book{		  lions77unix6,
  Author	= {Lions, J.},
  Title		= {A COMMENTARY ON THE SIXTH EDITION UNIX OPERATING SYSTEM},
  Publisher	= {The university of New South Wales},
  Year		= 1977
}

@Book{		  love:2007:lsp:1205435,
  Author	= {Love, Robert},
  Title		= {Linux System Programming: Talking Directly to the Kernel
		  and C Library},
  Year		= 2007,
  Publisher	= {O'Reilly Media, Inc.}
}

@Book{matthew2008beginning,
  Title		= {Beginning linux programming},
  Author	= {Matthew, Neil and Stones, Richard},
  Year		= 2008,
  Publisher	= {John Wiley \& Sons}
}

@Book{		  mauerer2008professional,
  Title		= {Professional Linux Kernel Architecture},
  Author	= {Mauerer, W.},
  Year		= 2008,
  Publisher	= {John Wiley \& Sons}
}

@Book{		  rodriguez2005linux,
  Title		= {The Linux kernel primer: a top-down approach for x86 and
		  PowerPC architectures},
  Author	= {Rodriguez, C.S. and Fischer, G. and Smolski, S.},
  Year		= 2005,
  Publisher	= {Prentice Hall Professional Technical Reference}
}

@Book{		  rusling99tlk,
  Author	= {David A Rusling},
  Title		= {The Linux Kernel},
  Publisher	= {Linux Documentation Project},
  Year		= 1999,
  URL		= {http://www.tldp.org/LDP/tlk/fs/filesystem.html}
}

@Book{		  silberschatz10java,
  Author	= {Silberschatz and Galvin and Gagne},
  Title		= {Operating System Concepts With Java},
  Publisher	= {John Wiley \& Sons},
  Year		= 2010,
  Edition	= 8,
}

@Book{		  silberschatz13essentials,
  Author	= {Silberschatz and Galvin and Gagne},
  Title		= {Operating System Concepts Essentials},
  Publisher	= {John Wiley \& Sons},
  Year		= 2013,
  url={https://cs6.swfu.edu.cn/calibre/get/PDF/1/calibre},
  Edition	= 2,
}

@Book{		  stallings11os,
  Author	= {Wiliam Stallings},
  Title		= {Operating Systems: Internals and Design Principles},
  Publisher	= {Prentice Hall},
  Year		= 2011,
  Edition	= 7,
}

@book{tanenbaum2011computer,
  title={Computer Networks},
  author={Tanenbaum, A.S. and Wetherall, D.},
  isbn=9780132126953,
  lccn=2010034366,
  url={https://cs6.swfu.edu.cn/calibre/get/PDF/29/calibre},
  year=2011,
  edition=5,
  publisher={Pearson Prentice Hall}
}

@book{tanenbaum2011operating,
  title={Operating Systems Design and Implementation},
  author={Tanenbaum, A.S. and Woodhull, A.S.},
  isbn=9780133002058,
  url={https://cs6.swfu.edu.cn/calibre/get/PDF/175/calibre},
  year=2011,
  publisher={Pearson Education}
}

@book{tanenbaum2015modern,
  author    = {Tanenbaum, Andrew S.},
  title     = {Modern Operating Systems},
  year     = 2015,
  edition    = 4,
  publisher    = {Prentice Hall Press}
}

@Book{        tangxiaodan21,
  Author    = "汤小丹",
  Title     = "计算机操作系统（慕课版）",
  Publisher = "人民邮电出版社",
  Year      = 2021,
  ISBN      = "978-7-115-56115-2"
}
@Book{		  web:debianhandbook,
  Author	= {Raphaël Hertzog and Roland Mas},
  Title		= {The Debian Administrator's Handbook},
  Publisher	= {Freexian SARL},
  URL		= {https://debian-handbook.info/},
  Month		= 10,
  Year		= 2015
}
@book{xxr2017,
  title={计算机网络},
  author={谢希仁},
  year=2017,
  edition=7,  
  publisher={电子工业出版社}
}
@Book{		  yuyuan2009orange,
  Title		= "Orange'S：一个操作系统的实现",
  Author	= "于渊",
  Year		= 2009,
  Publisher	= "电子工业出版社"
}
@Book{		  zhenggang2016,
  Author	= "郑钢",
  Title		= "操作系统真象还原",
  Publisher	= "人民邮电出版社",
  Year		= 2016
}
@Book{		  zouhengming09,
  Author	= "邹恒明",
  Title		= "计算机的心智：操作系统之哲学原理",
  Publisher	= "机械工业出版社",
  Year		= 2009
}
